@misc{amlv,
    title = "Introdução à Engenharia de Software e à qualidade de Software",
    author = "VASCONCELOS, Alexandre; et al",
    year = "2006",
    page = "73"
}

@misc{digital ,
author = {Steven Yi},
title = {The likely path for the evolution of the digital economy},
year = {2021},
howpublished = {\url{https://gulfbusiness.com/the-likely-path-for-the-evolution-of-the-digital-economy/}}
}

@misc{algoritmo ,
author = {Wikipedia},
year = {2022},
title = {Algoritmo},
howpublished = {\url{https://en.wikipedia.org/wiki/Algorithm}}
}

@misc{swq ,
author = {Organização Internacional de Normalização},
year = {2017},
title = {Qualidade de Software: ISO/IEC 25010:2011},
howpublished = {\url{https://www.iso.org/standard/35733.html}}
}
